<?xml version="1.0" encoding="UTF-8"?><collection xmlns="http://www.loc.gov/MARC21/slim"><record><leader>00394nam--2200121-i-4500</leader><controlfield tag="001">000048360</controlfield><controlfield tag="002">20161230</controlfield><controlfield tag="005">20161230201046</controlfield><controlfield tag="008">060222s1000------------r-----000-0-eng-d</controlfield><datafield ind1=" " ind2=" " tag="080"><subfield code="a">539.2(061.3):62(061.3)</subfield></datafield><datafield ind1=" " ind2=" " tag="245"><subfield code="a">Zentralinstitut fur festkorpephysik und werkstofforschung. lolloquien zu ehren des 30. jahrestages der befreiung vortrage in zew..</subfield></datafield><datafield ind1=" " ind2=" " tag="260"><subfield code="a">Dresden, 1975. 110 P</subfield></datafield><datafield ind1=" " ind2=" " tag="852"><subfield code="a">43508</subfield></datafield></record></collection>